%% This BibTeX bibliography file was created using BibDesk.
%% https://bibdesk.sourceforge.io/

%% Created for Fredy Gabriel Ram√≠rez Villanueva at 2019-12-03 16:19:19 -0300 


%% Saved with string encoding Unicode (UTF-8) 



@thesis{cardozo2009otimizaccao,
	Author = {Cardozo L{\'o}pez, Sergio Daniel},
	Date-Added = {2019-10-13 14:59:25 -0300},
	Date-Modified = {2019-10-13 14:59:25 -0300},
	Title = {Otimiza{\c{c}}{\~a}o de placas e cascas de materiais comp{\'o}sitos, utilizando algoritmos gen{\'e}ticos, redes neurais e elementos finitos},
	Year = {2009}}

@thesis{paya2009optimizacion,
	Author = {Pay{\'a} Zaforteza, Ignacio Javier},
	Date-Added = {2019-10-13 14:57:54 -0300},
	Date-Modified = {2019-10-13 14:57:54 -0300},
	Title = {Optimizaci{\'o}n heur{\'\i}stica de p{\'o}rticos de edificaci{\'o}n de hormig{\'o}n armado},
	Year = {2009}}

@thesis{Velame2002,
	Author = {Velame Branco, Andr{\'e} Lu{\'\i}s Lima},
	Date-Added = {2019-10-13 14:52:40 -0300},
	Date-Modified = {2019-10-13 14:55:11 -0300},
	Language = {portuguese},
	School = {Escola de Engenaria de S{\~a}o Carlos-Universidade de S{\~a}o Paulo},
	Title = {An{\'a}lise n{\~a}o linear de p{\'o}rticos planos, considerando os efeitos do cisalhamento no c{\'a}lculo de esfor{\c{c}}os e deslocamentos},
	Year = {2002}}

@thesis{soares2001,
	Author = {Soares, Rodrigo de Carvalho},
	Date-Added = {2019-10-13 14:44:01 -0300},
	Date-Modified = {2019-12-03 10:17:24 -0300},
	Language = {portuguese},
	School = {Escola de Engenaria de S{\~a}o Carlos - Universidade de S{\~a}o Paulo},
	Title = {Um estudo sobre modelos mec{\^a}nico - probabil{\'\i}sticos para p{\'o}rticos de concreto armado},
	Year = {2001}}

@online{cite-key,
	Date-Added = {2019-10-13 14:42:48 -0300},
	Date-Modified = {2019-10-13 14:42:48 -0300}}

@book{nocedal2006numerical,
	Author = {Nocedal, Jorge and Wright, Stephen},
	Date-Added = {2019-09-21 22:55:33 -0400},
	Date-Modified = {2019-09-21 22:55:47 -0400},
	Keywords = {optimization},
	Publisher = {Springer Science \& Business Media},
	Title = {Numerical optimization},
	Year = {2006}}

@online{Frontline,
	Author = {Frontline-Systems},
	Date-Added = {2019-09-21 18:59:33 -0400},
	Date-Modified = {2019-09-21 19:15:57 -0400},
	Keywords = {ANN},
	Title = {Training an Artificial Neural Network - Intro},
	Url = {https://www.solver.com/training-artificial-neural-network-intro},
	Urldate = {2019-09-21},
	Year = {2019},
	Bdsk-Url-1 = {https://www.solver.com/training-artificial-neural-network-intro}}

@book{heaton2008introduction,
	Author = {Heaton, Jeff},
	Date-Added = {2019-09-21 18:56:55 -0400},
	Date-Modified = {2019-09-21 18:56:55 -0400},
	Publisher = {Heaton Research, Inc.},
	Title = {Introduction to neural networks with Java},
	Year = {2008}}

@article{cybenko1989approximation,
	Author = {Cybenko, George},
	Date-Added = {2019-09-21 18:42:44 -0400},
	Date-Modified = {2019-09-21 18:42:44 -0400},
	Journal = {Mathematics of control, signals and systems},
	Number = {4},
	Pages = {303--314},
	Publisher = {Springer},
	Title = {Approximation by superpositions of a sigmoidal function},
	Volume = {2},
	Year = {1989}}

@online{seaborn,
	Author = {Michael Waskom and Olga Botvinnik and Drew O'Kane and Paul Hobson and Saulius Lukauskas and David C Gemperline and Tom Augspurger and Yaroslav Halchenko and John B. Cole and Jordi Warmenhoven and Julian de Ruiter and Cameron Pye and Stephan Hoyer and Jake Vanderplas and Santi Villalba and Gero Kunter and Eric Quintero and Pete Bachant and Marcel Martin and Kyle Meyer and Alistair Miles and Yoav Ram and Tal Yarkoni and Mike Lee Williams and Constantine Evans and Clark Fitzgerald and Brian and Chris Fonnesbeck and Antony Lee and Adel Qalieh},
	Date-Added = {2019-09-20 18:14:37 -0400},
	Date-Modified = {2019-09-20 18:30:25 -0400},
	Doi = {10.5281/zenodo.883859},
	Month = sep,
	Title = {mwaskom/seaborn: v0.8.1 (September 2017)},
	Url = {https://doi.org/10.5281/zenodo.883859},
	Urldate = {2019-09-20},
	Year = 2017,
	Bdsk-Url-1 = {https://doi.org/10.5281/zenodo.883859}}

@online{SIunidades,
	Author = {BIPM},
	Date-Added = {2019-09-20 17:58:37 -0400},
	Date-Modified = {2019-09-20 18:30:40 -0400},
	Organization = {Bureau International des Poids et Mesures},
	Title = {Syst{\`e}me International d'Unit{\'e}s},
	Url = {https://www.bipm.org/en/measurement-units/},
	Urldate = {2019-09-20},
	Year = {1960},
	Bdsk-Url-1 = {https://www.bipm.org/en/measurement-units/}}

@online{spyder,
	Author = {Pierre Raybaut},
	Date-Added = {2019-09-20 17:27:30 -0400},
	Date-Modified = {2019-09-20 18:30:58 -0400},
	Title = {Scientific Python Development Environment (SPYDER)},
	Url = {https://www.spyder-ide.org},
	Urldate = {2019-09-20},
	Year = {2009},
	Bdsk-Url-1 = {https://www.spyder-ide.org}}

@article{Kluyver:2016aa,
	Author = {Thomas Kluyver and Benjamin Ragan-Kelley and Fernando P{\'e}rez and Brian Granger and Matthias Bussonnier and Jonathan Frederic and Kyle Kelley and Jessica Hamrick and Jason Grout and Sylvain Corlay and Paul Ivanov and Dami{\'a}n Avila and Safia Abdalla and Carol Willing},
	Booktitle = {Positioning and Power in Academic Publishing: Players, Agents and Agendas},
	Date-Added = {2019-09-20 17:19:18 -0400},
	Date-Modified = {2019-09-20 17:19:24 -0400},
	Editor = {F. Loizides and B. Schmidt},
	Organization = {IOS Press},
	Pages = {87 - 90},
	Title = {Jupyter Notebooks -- a publishing format for reproducible computational workflows},
	Year = {2016}}

@online{libsvm,
	Author = {Chih-Chung Chang and Chih-Jen Lin},
	Date-Added = {2019-09-18 11:48:01 -0400},
	Date-Modified = {2019-09-20 18:20:27 -0400},
	Keywords = {svm, libsvm},
	Organization = {National Taiwan University},
	Title = {LIBSVM -- A Library for Support Vector Machines},
	Url = {https://www.csie.ntu.edu.tw/~cjlin/libsvm/},
	Urldate = {{18/09/2019}},
	Year = {2003},
	Bdsk-Url-1 = {https://www.csie.ntu.edu.tw/~cjlin/libsvm/}}

@article{Grane2010ACP,
	Author = {Gran{\'e} Ch{\'a}vez, Aurea},
	Date-Added = {2019-09-15 11:44:43 -0400},
	Date-Modified = {2019-09-15 12:00:14 -0400},
	Journal = {Publicaciones Material Docente - Universidad Carlos III de Madrid},
	Keywords = {PCA},
	Title = {An{\'a}lisis de Componentes Principales},
	Year = {2010}}

@online{Maiti2014PCA,
	Author = {J. Maiti},
	Date-Added = {2019-09-15 11:31:37 -0400},
	Date-Modified = {2019-09-20 18:27:20 -0400},
	Keywords = {PCA},
	Organization = {IIT Kharagpur India},
	Title = {Mod-01 Lec-30 Principal Component Analysis (PCA)},
	Url = {https://www.youtube.com/watch?v=hkCT-6KJAK0&frags=pl%2Cwn},
	Urldate = {{2019/09/15}},
	Year = {2014},
	Bdsk-Url-1 = {https://www.youtube.com/watch?v=hkCT-6KJAK0&frags=pl%2Cwn}}

@book{bertsekas2002introduction,
	Author = {Bertsekas, Dimitri P and Tsitsiklis, John N},
	Date-Added = {2019-09-14 20:21:06 -0400},
	Date-Modified = {2019-09-14 20:21:16 -0400},
	Keywords = {probabilidad},
	Publisher = {Athena Scientific Belmont, MA},
	Title = {Introduction to probability},
	Volume = {1},
	Year = {2002}}

@online{scipy,
	Author = {Eric Jones and Travis Oliphant and Pearu Peterson and others},
	Date-Added = {2019-09-13 20:49:27 -0400},
	Date-Modified = {2019-09-20 18:30:07 -0400},
	Keywords = {python, scipy},
	Note = {[Online]},
	Title = {{SciPy}: Open source scientific tools for {Python}},
	Url = {http://www.scipy.org/},
	Urldate = {2019-09-13},
	Year = {2001},
	Bdsk-Url-1 = {http://www.scipy.org/}}

@article{meurer2017sympy,
	Author = {Meurer, Aaron and Smith, Christopher P and Paprocki, Mateusz and {\v{C}}ert{\'\i}k, Ond{\v{r}}ej and Kirpichev, Sergey B and Rocklin, Matthew and Kumar, AMiT and Ivanov, Sergiu and Moore, Jason K and Singh, Sartaj and others},
	Date-Added = {2019-09-13 20:46:33 -0400},
	Date-Modified = {2019-09-13 20:46:41 -0400},
	Journal = {PeerJ Computer Science},
	Keywords = {python, sympy},
	Pages = {e103},
	Publisher = {PeerJ Inc.},
	Title = {SymPy: symbolic computing in Python},
	Volume = {3},
	Year = {2017}}

@article{scikit-learn,
	Author = {Pedregosa, F. and Varoquaux, G. and Gramfort, A. and Michel, V. and Thirion, B. and Grisel, O. and Blondel, M. and Prettenhofer, P. and Weiss, R. and Dubourg, V. and Vanderplas, J. and Passos, A. and Cournapeau, D. and Brucher, M. and Perrot, M. and Duchesnay, E.},
	Date-Added = {2019-09-13 20:41:37 -0400},
	Date-Modified = {2019-09-13 20:41:50 -0400},
	Journal = {Journal of Machine Learning Research},
	Keywords = {python,scikit-learn},
	Pages = {2825--2830},
	Title = {{Scikit-learn: Machine Learning in Python }},
	Volume = {12},
	Year = {2011}}

@article{PER-GRA:2007,
	Author = {P\'erez, Fernando and Granger, Brian E.},
	Date-Added = {2019-09-13 20:37:26 -0400},
	Date-Modified = {2019-09-13 20:37:43 -0400},
	Doi = {10.1109/MCSE.2007.53},
	Issn = {1521-9615},
	Journal = {Computing in Science and Engineering},
	Keywords = {python, jupyter},
	Month = may,
	Number = {3},
	Pages = {21--29},
	Publisher = {IEEE Computer Society},
	Title = {{IP}ython: a System for Interactive Scientific Computing},
	Url = {https://ipython.org},
	Volume = {9},
	Year = 2007,
	Bdsk-Url-1 = {https://ipython.org},
	Bdsk-Url-2 = {https://doi.org/10.1109/MCSE.2007.53}}

@book{van1995python,
	Author = {Van Rossum, Guido and Drake Jr, Fred L},
	Date-Added = {2019-09-13 20:27:55 -0400},
	Date-Modified = {2019-09-13 20:28:03 -0400},
	Keywords = {python},
	Publisher = {Centrum voor Wiskunde en Informatica Amsterdam, The Netherlands},
	Title = {Python tutorial},
	Year = {1995}}

@book{oliphant2006guide,
	Author = {Oliphant, Travis E},
	Date-Added = {2019-09-13 20:27:02 -0400},
	Date-Modified = {2019-09-13 20:27:13 -0400},
	Keywords = {python, numpy},
	Publisher = {Trelgol Publishing USA},
	Title = {A guide to NumPy},
	Volume = {1},
	Year = {2006}}

@article{Hunter:2007,
	Abstract = {Matplotlib is a 2D graphics package used for Python for
  application development, interactive scripting, and publication-quality
  image generation across user interfaces and operating systems.},
	Author = {Hunter, J. D.},
	Date-Added = {2019-09-13 20:12:37 -0400},
	Date-Modified = {2019-09-13 20:12:50 -0400},
	Doi = {10.1109/MCSE.2007.55},
	Journal = {Computing in Science \& Engineering},
	Keywords = {matplotlib, python},
	Number = {3},
	Pages = {90--95},
	Publisher = {IEEE COMPUTER SOC},
	Title = {Matplotlib: A 2D graphics environment},
	Volume = {9},
	Year = 2007,
	Bdsk-Url-1 = {https://doi.org/10.1109/MCSE.2007.55}}

@article{mckinney2010data,
	Author = {McKinney, Wes and others},
	Booktitle = {Proceedings of the 9th Python in Science Conference},
	Date-Added = {2019-09-13 19:58:00 -0400},
	Date-Modified = {2019-09-13 20:05:42 -0400},
	Keywords = {python, pandas},
	Organization = {Austin, TX},
	Pages = {51--56},
	Title = {Data structures for statistical computing in python},
	Volume = {445},
	Year = {2010}}

@book{hibbeler2012analisis,
	Author = {Russel C. Hibbeler},
	Date-Added = {2019-09-07 07:51:11 -0400},
	Date-Modified = {2019-09-07 07:53:51 -0400},
	Edition = {8va.},
	Keywords = {estructuras},
	Publisher = {Pearson Educaci{\'o}n},
	Rating = {4},
	Read = {1},
	Title = {An{\'a}lisis estructural},
	Year = {2012}}

@book{guttag2013introduction,
	Author = {Guttag, John V},
	Date-Added = {2019-09-01 23:29:20 -0400},
	Date-Modified = {2019-09-01 23:33:38 -0400},
	Keywords = {python},
	Publisher = {Mit Press},
	Title = {Introduction to computation and programming using Python},
	Year = {2013}}

@online{pep8,
	Author = {Guido van Rossum and Barry Warsaw and Nick Coghlan},
	Date-Added = {2019-09-01 23:16:21 -0400},
	Date-Modified = {2019-09-02 00:19:27 -0400},
	Journal = {Python Developer's Guide},
	Month = {8},
	Organization = {Python},
	Title = {PEP 8 -- Style Guide for Python Code},
	Url = {https://www.python.org/dev/peps/pep-0008/},
	Urldate = {2019-09-02},
	Year = {2013},
	Bdsk-Url-1 = {https://www.python.org/dev/peps/pep-0008/}}

@article{Polonia,
	Author = {Kaczmareck, Mateusz and Szyma{\'n}ska, Agnieska},
	Booktitle = {Studia Geotechnica et Mechanica, Vol. 38, No. 2, Wroclaw, Poland},
	Date-Modified = {2019-09-01 11:35:50 -0400},
	Title = {Application of artificial neural networks to predict the deflections of reinforced concrete beams},
	Year = {2016}}

@report{EN1991,
	Author = {UNE-EN:1991},
	Date-Added = {2019-08-31 21:38:23 -0400},
	Date-Modified = {2019-08-31 21:40:04 -0400},
	Institution = {Comit{\'e} Europeo de Normalizaci{\'o}n},
	Keywords = {eurocode},
	Month = {8},
	Title = {Euroc{\'o}digos. Acciones en estructuras},
	Type = {Standard},
	Year = {2002}}

@online{eurocodigosweb,
	Author = {CEN},
	Date-Added = {2019-08-31 21:24:36 -0400},
	Date-Modified = {2019-09-20 18:26:07 -0400},
	Keywords = {eurocode},
	Organization = {European Comission},
	Subtitle = {Building the future},
	Title = {Eurocodes},
	Url = {https://eurocodes.jrc.ec.europa.eu},
	Urldate = {{2019/05/20}},
	Year = {2019},
	Bdsk-Url-1 = {https://eurocodes.jrc.ec.europa.eu}}

@book{107100420150101,
	Abstract = {About This BookLeverage Python's most powerful open-source libraries for deep learning, data wrangling, and data visualizationLearn effective strategies and best practices to improve and optimize machine learning systems and algorithmsAsk -- and answer -- tough questions of your data with robust statistical models, built for a range of datasetsWho This Book Is ForIf you want to find out how to use Python to start answering critical questions of your data, pick up Python Machine Learning‚Äïwhether you want to start from scratch or want to extend your data science knowledge, this is an essential and unmissable resource.What You Will LearnExplore how to use different machine learning models to ask different questions of your dataLearn how to build neural networks using Theano and KerasFind out how to write clean and elegant Python code that will optimize the strength of your algorithmsDiscover how to embed your machine learning model into a web application for increased accessibilityPredict },
	Author = {Raschka, Sebastian},
	Date-Added = {2019-08-31 16:18:54 -0400},
	Date-Modified = {2019-08-31 16:18:54 -0400},
	Isbn = {9781783555130},
	Publisher = {Packt Publishing},
	Series = {Community Experience Distilled},
	Title = {Python Machine Learning.},
	Url = {http://search.ebscohost.com/login.aspx?direct=true&db=nlebk&AN=1071004&authtype=sso&custid=ns021105&lang=es&site=eds-live&custid=ns021105&authtype=ip,sso},
	Year = {2015},
	Bdsk-Url-1 = {http://search.ebscohost.com/login.aspx?direct=true&db=nlebk&AN=1071004&authtype=sso&custid=ns021105&lang=es&site=eds-live&custid=ns021105&authtype=ip,sso}}

@online{tiobe-index,
	Author = {TIOBE},
	Date-Added = {2019-08-31 16:11:52 -0400},
	Date-Modified = {2019-09-20 18:31:09 -0400},
	Keywords = {python, tiobe},
	Organization = {TIOBE. The software quality company},
	Title = {TIOBE Index for August 2019},
	Url = {https://www.tiobe.com/tiobe-index/},
	Urldate = {2019-08-31},
	Year = {2019},
	Bdsk-Url-1 = {https://www.tiobe.com/tiobe-index/}}

@book{summerfield2010programming,
	Author = {Summerfield, Mark},
	Date-Added = {2019-08-31 15:47:36 -0400},
	Date-Modified = {2019-08-31 15:50:29 -0400},
	Editor = {Ediciones ANAYA Multimedia},
	Language = {spanish},
	Publisher = {Addison-Wesley Professional},
	Title = {Programaci{\'o}n: Python 3},
	Year = {2010}}

@online{estructurando2016,
	Author = {Arroyo, Juan Carlos},
	Date-Added = {2019-08-30 21:59:01 -0400},
	Date-Modified = {2019-09-20 18:25:47 -0400},
	Keywords = {flecha, hormig{\'o}n armado, momento-curvatura},
	Language = {spanish},
	Organization = {Estructurando},
	Read = {1},
	Title = {¬øEl c{\'a}lculo de flechas es de fiar?},
	Url = {http://estructurando.net/2016/12/12/el-calculo-de-flechas-es-de-fiar/},
	Urldate = {{2019/07/20}},
	Year = {2016},
	Bdsk-Url-1 = {http://estructurando.net/2016/12/12/el-calculo-de-flechas-es-de-fiar/}}

@book{fox1971optimization,
	Author = {Fox, Richard L},
	Date-Added = {2019-08-27 23:26:03 -0400},
	Date-Modified = {2019-08-27 23:27:08 -0400},
	Editor = {Howard W. Emmons and Bernard Burdiansky},
	Publisher = {Addison-Wesley Pub. Co.},
	Title = {Optimization methods for engineering design},
	Year = {1971}}

@book{calavera1985proyecto,
	Author = {Calavera, Jos{\'e}},
	Date-Added = {2019-08-27 23:16:00 -0400},
	Date-Modified = {2019-08-27 23:17:02 -0400},
	Edition = {2da. Ed.},
	Language = {spanish},
	Publisher = {Intemac},
	Title = {Proyecto y c{\'a}lculo de estructuras de hormig{\'o}n armado para edificios: p.: il., gr{\'a}f},
	Year = {1985}}

@book{miller1992Probabilidad,
	Author = {Miller, Irwin R. and Freund, John E. and Johnson, Richard},
	Date-Added = {2019-08-26 13:38:16 -0400},
	Date-Modified = {2019-08-26 13:42:18 -0400},
	Edition = {4ta.},
	Keywords = {probabilidad, estad{\'\i}stica},
	Language = {spanish},
	Publisher = {Prentice Hall},
	Title = {Probabilidad y estad{\'\i}stica para ingenieros},
	Year = {1992}}

@article{13687263820190607,
	Abstract = {Kernel regression models have been used as non-parametric methods for fitting experimental data. However, due to their non-parametric nature, they belong to the so-called ``black box'' models, indicating that the relation between the input variables and the output, depending on the kernel selection, is unknown. In this paper we propose a new methodology to retrieve the relation between each input regressor variable and the output in a least squares support vector machine (LS-SVM) regression model. The method is based on oblique subspace projectors (ObSP), which allows to decouple the influence of input regressors on the output by including the undesired variables in the null space of the projection matrix. Such functional relations are represented by the nonlinear transformation of the input regressors, and their subspaces are estimated using appropriate kernel evaluations. We exploit the properties of ObSP in order to decompose the output of the obtained regression model as a sum of th},
	Author = {Caicedo, Alexander and Varon, Carolina and Van Huffel, Sabine and Suykens, Johan A. K.},
	Date-Added = {2019-08-26 00:52:17 -0400},
	Date-Modified = {2019-08-26 00:52:17 -0400},
	Issn = {19326203},
	Journal = {PLoS ONE},
	Keywords = {Algorithms, Applied mathematics, Artificial intelligence, Binders, Cements, Composite materials, Computer and information sciences, Concrete, Kernel functions, Machine learning, Machine learning algorithms, Materials, Materials science, Mathematical and statistical techniques, Mathematics, Nonlinear least squares method, Operator theory, Physical sciences, Research and analysis methods, Research Article, Simulation and modeling},
	Number = {6},
	Pages = {1 - 21},
	Title = {Functional form estimation using oblique projection matrices for LS-SVM regression models.},
	Url = {http://search.ebscohost.com/login.aspx?direct=true&db=fsr&AN=136872638&authtype=sso&custid=ns021105&lang=es&site=eds-live&custid=ns021105&authtype=ip,sso},
	Volume = {14},
	Year = {2019},
	Bdsk-Url-1 = {http://search.ebscohost.com/login.aspx?direct=true&db=fsr&AN=136872638&authtype=sso&custid=ns021105&lang=es&site=eds-live&custid=ns021105&authtype=ip,sso}}

@online{huang_2013,
	Author = {Huang, Guan-Bin},
	Date-Added = {2019-08-25 11:46:58 -0400},
	Date-Modified = {2019-09-27 00:01:14 -0400},
	Journal = {Extreme Learning Machines: Random Neurons, Random Features, Kernels},
	Keywords = {ELM},
	Publisher = {Nanyang Technological University},
	Title = {Extreme Learning Machines (ELM): Filling the Gap between Frank Rosenblatt's Dream and John von Neumann's Puzzle},
	Url = {https://www.ntu.edu.sg/home/egbhuang/},
	Urldate = {2019-08-25},
	Year = {2013},
	Bdsk-Url-1 = {https://www.ntu.edu.sg/home/egbhuang/}}

@article{huang2006biomedical,
	Author = {Huang, Guang-Bin},
	Booktitle = {Hands-on Workshop on Machine Learning for BioMedical Informatics},
	Date-Added = {2019-08-25 00:27:20 -0400},
	Date-Modified = {2019-08-26 13:17:41 -0400},
	Keywords = {extreme learning machine},
	Month = {11},
	Organization = {Nanyang Technological University},
	Title = {Hands-on Workshop on Machine Learning for BioMedical Informatics},
	Year = {2006}}

@article{Huang2006universal,
	Author = {Huang, Guang-Bin and Lei, Chen and Siew, Chee-Kheong},
	Date-Added = {2019-08-24 22:07:56 -0400},
	Date-Modified = {2019-08-25 12:54:57 -0400},
	Journal = {IEEE TRANSACTIONS ON NEURAL NETWORKS},
	Keywords = {extreme learning machine},
	Month = {7},
	Number = {4},
	Pages = {879-892},
	Title = {Universal Approximation Using Incremental Constructive Feedforward Networks With Random Hidden Nodes},
	Volume = {17},
	Year = {2006}}

@article{Huang2015ELM,
	Author = {Huang, Guang-Bin},
	Date-Added = {2019-08-24 21:15:26 -0400},
	Date-Modified = {2019-08-25 12:55:04 -0400},
	Journal = {Springer Science+Business Media},
	Keywords = {extreme learning machine},
	Month = {5},
	Number = {7},
	Pages = {263-278},
	Title = {What are Extreme Learning Machines? Filling the Gap Between Frank Rosenblatt's Dream and John von Neumann's Puzzle},
	Year = {2015}}

@online{Brilliant,
	Author = {John McGonagle and George Shaikouski and Christopher Williams and Andrew Hsu and Jimin Khim},
	Date-Added = {2019-08-24 11:06:32 -0400},
	Date-Modified = {2019-09-20 18:24:51 -0400},
	Howpublished = {11:09, August 24, 2019},
	Journal = {Brilliant Math & Science Wiki},
	Title = {Backpropagation},
	Url = {https://brilliant.org/wiki/backpropagation/},
	Urldate = {{2019/08/24}},
	Year = {2019},
	Bdsk-Url-1 = {https://brilliant.org/wiki/backpropagation/}}

@book{isasi2004redes,
	Author = {Isasi, Pedro and Galv{'\{a}}n, In{\'{e}}s},
	Date-Added = {2019-08-23 02:08:05 -0400},
	Date-Modified = {2019-08-25 16:35:22 -0400},
	Journal = {Un enfoque pr{\'a}ctico. Madrid: Editorial Pearson educaci{\'o}n. P},
	Language = {spanish},
	Title = {Redes neuronales artificiales},
	Year = {2004}}

@article{000350032200001,
	Author = {Cevik, Abdulkadir and Kurtoglu, Ahmet Emin and Bilgehan, Mahmut and Gulsan, Mehmet Eren and Albegmprli, Hasan M.},
	Date-Added = {2019-08-18 16:30:06 -0400},
	Date-Modified = {2019-12-03 16:19:18 -0300},
	Issn = {13923730},
	Journal = {JOURNAL OF CIVIL ENGINEERING AND MANAGEMENT},
	Keywords = {FRP reinforcement, ultimate load capacity, structural engineering, haunched beams, support vector machines, SFRC corbels, statistical learning},
	Number = {3},
	Pages = {261 - 281},
	Title = {Support vector machines in structural engineering: a review.},
	Url = {http://search.ebscohost.com/login.aspx?direct=true&db=edswsc&AN=000350032200001&authtype=sso&custid=ns021105&lang=es&site=eds-live&custid=ns021105&authtype=ip,sso},
	Volume = {21},
	Year = {2014},
	Bdsk-Url-1 = {http://search.ebscohost.com/login.aspx?direct=true&db=edswsc&AN=000350032200001&authtype=sso&custid=ns021105&lang=es&site=eds-live&custid=ns021105&authtype=ip,sso}}

@book{21068220020101,
	Abstract = {This book focuses on Least Squares Support Vector Machines (LS-SVMs) which are reformulations to standard SVMs. LS-SVMs are closely related to regularization networks and Gaussian processes but additionally emphasize and exploit primal-dual interpretations from optimization theory. The authors explain the natural links between LS-SVM classifiers and kernel Fisher discriminant analysis. Bayesian inference of LS-SVM models is discussed, together with methods for imposing sparseness and employing robust statistics.The framework is further extended towards unsupervised learning by considering PCA analysis and its kernel version as a one-class modelling problem. This leads to new primal-dual support vector machine formulations for kernel PCA and kernel CCA analysis. Furthermore, LS-SVM formulations are given for recurrent networks and control. In general, support vector machines may pose heavy computational challenges for large data sets. For this purpose, a method of fixed size LS-SVM is },
	Author = {Suykens, Johan A. K.},
	Date-Added = {2019-08-18 15:44:48 -0400},
	Date-Modified = {2019-08-18 15:44:48 -0400},
	Isbn = {9789812381514},
	Publisher = {World Scientific},
	Title = {Least Squares Support Vector Machines.},
	Url = {http://search.ebscohost.com/login.aspx?direct=true&db=nlebk&AN=210682&authtype=sso&custid=ns021105&lang=es&site=eds-live&custid=ns021105&authtype=ip,sso},
	Year = {2002},
	Bdsk-Url-1 = {http://search.ebscohost.com/login.aspx?direct=true&db=nlebk&AN=210682&authtype=sso&custid=ns021105&lang=es&site=eds-live&custid=ns021105&authtype=ip,sso}}

@online{caltech,
	Author = {Abu-Mostafa, Yaser},
	Date-Added = {2019-08-17 23:21:42 -0400},
	Date-Modified = {2019-09-20 18:25:23 -0400},
	Description = {The Learning Problem - Introduction; supervised, unsupervised, and reinforcement learning. Components of the learning problem. Lecture 1 of 18 of Caltech's M...},
	Keywords = {Machine Learning (Field Of Study), Caltech, MOOC, data, computer, science, course, Data Mining (Technology Class), Big Data, Data Science, learning from data...},
	Lastchecked = {august 17, 2019},
	Month = {4},
	Theme-Color = {#ff0000},
	Title = {Lecture 01 - The Learning Problem},
	Twitter:App:Id:Googleplay = {com.google.android.youtube},
	Twitter:App:Id:Ipad = {544007664},
	Twitter:App:Id:Iphone = {544007664},
	Twitter:App:Name:Googleplay = {YouTube},
	Twitter:App:Name:Ipad = {YouTube},
	Twitter:App:Name:Iphone = {YouTube},
	Twitter:App:Url:Googleplay = {https://www.youtube.com/watch?v=mbyG85GZ0PI},
	Twitter:App:Url:Ipad = {vnd.youtube://www.youtube.com/watch?v=mbyG85GZ0PI&feature=applinks},
	Twitter:App:Url:Iphone = {vnd.youtube://www.youtube.com/watch?v=mbyG85GZ0PI&feature=applinks},
	Twitter:Card = {player},
	Twitter:Description = {The Learning Problem - Introduction; supervised, unsupervised, and reinforcement learning. Components of the learning problem. Lecture 1 of 18 of Caltech's M...},
	Twitter:Image = {https://i.ytimg.com/vi/mbyG85GZ0PI/hqdefault.jpg},
	Twitter:Player = {https://www.youtube.com/embed/mbyG85GZ0PI},
	Twitter:Player:Height = {360},
	Twitter:Player:Width = {640},
	Twitter:Site = {@youtube},
	Twitter:Title = {Lecture 01 - The Learning Problem},
	Twitter:Url = {https://www.youtube.com/watch?v=mbyG85GZ0PI},
	Url = {https://www.youtube.com/watch?v=mbyG85GZ0PI},
	Urldate = {{2019/08/17}},
	Year = {2012},
	Bdsk-Url-1 = {https://www.youtube.com/watch?v=mbyG85GZ0PI}}

@online{nptelhrd2014,
	Author = {Biswas, P.K.},
	Date-Added = {2019-08-17 22:50:24 -0400},
	Date-Modified = {2019-09-20 18:29:10 -0400},
	Description = {Pattern Recognition and Application by Prof. P.K. Biswas,Department of Electronics & Communication Engineering,IIT Kharagpur.For more details on NPTEL visit ...},
	Keywords = {Support Vector Machine},
	Rating = {5},
	Read = {1},
	Theme-Color = {#ff0000},
	Title = {Mod-01 Lec-29 Support Vector Machine},
	Twitter:App:Id:Googleplay = {com.google.android.youtube},
	Twitter:App:Id:Ipad = {544007664},
	Twitter:App:Id:Iphone = {544007664},
	Twitter:App:Name:Googleplay = {YouTube},
	Twitter:App:Name:Ipad = {YouTube},
	Twitter:App:Name:Iphone = {YouTube},
	Twitter:App:Url:Googleplay = {https://www.youtube.com/watch?v=SRVswRH5Q7E},
	Twitter:App:Url:Ipad = {vnd.youtube://www.youtube.com/watch?v=SRVswRH5Q7E&feature=applinks},
	Twitter:App:Url:Iphone = {vnd.youtube://www.youtube.com/watch?v=SRVswRH5Q7E&feature=applinks},
	Twitter:Card = {player},
	Twitter:Description = {Pattern Recognition and Application by Prof. P.K. Biswas,Department of Electronics & Communication Engineering,IIT Kharagpur.For more details on NPTEL visit ...},
	Twitter:Image = {https://i.ytimg.com/vi/SRVswRH5Q7E/hqdefault.jpg},
	Twitter:Player = {https://www.youtube.com/embed/SRVswRH5Q7E},
	Twitter:Player:Height = {360},
	Twitter:Player:Width = {640},
	Twitter:Site = {@youtube},
	Twitter:Title = {Mod-01 Lec-29 Support Vector Machine},
	Twitter:Url = {https://www.youtube.com/watch?v=SRVswRH5Q7E},
	Url = {https://www.youtube.com/watch?v=SRVswRH5Q7E},
	Urldate = {{2019/08/17}},
	Year = {2014},
	Bdsk-Url-1 = {https://www.youtube.com/watch?v=SRVswRH5Q7E}}

@online{MIT_OCW_6.0002,
	Author = {Grimson, Eric},
	Date-Added = {2019-08-17 22:41:56 -0400},
	Date-Modified = {2019-09-20 18:27:49 -0400},
	Description = {MIT 6.0002 Introduction to Computational Thinking and Data Science, Fall 2016 View the complete course: http://ocw.mit.edu/6-0002F16 Instructor: Eric Grimson...},
	Keywords = {machine learning, classification method, Minkowski metric, supervised learning, computer modelling, signal-to-noise, feature vectors, classification model, r...},
	Rating = {4},
	Read = {1},
	Theme-Color = {#ff0000},
	Title = {Introduction to Machine Learning},
	Twitter:App:Id:Googleplay = {com.google.android.youtube},
	Twitter:App:Id:Ipad = {544007664},
	Twitter:App:Id:Iphone = {544007664},
	Twitter:App:Name:Googleplay = {YouTube},
	Twitter:App:Name:Ipad = {YouTube},
	Twitter:App:Name:Iphone = {YouTube},
	Twitter:App:Url:Googleplay = {https://www.youtube.com/watch?v=h0e2HAPTGF4},
	Twitter:App:Url:Ipad = {vnd.youtube://www.youtube.com/watch?v=h0e2HAPTGF4&feature=applinks},
	Twitter:App:Url:Iphone = {vnd.youtube://www.youtube.com/watch?v=h0e2HAPTGF4&feature=applinks},
	Twitter:Card = {player},
	Twitter:Description = {MIT 6.0002 Introduction to Computational Thinking and Data Science, Fall 2016 View the complete course: http://ocw.mit.edu/6-0002F16 Instructor: Eric Grimson...},
	Twitter:Image = {https://i.ytimg.com/vi/h0e2HAPTGF4/maxresdefault.jpg},
	Twitter:Player = {https://www.youtube.com/embed/h0e2HAPTGF4?start=1},
	Twitter:Player:Height = {720},
	Twitter:Player:Width = {1280},
	Twitter:Site = {@youtube},
	Twitter:Title = {11. Introduction to Machine Learning},
	Twitter:Url = {https://www.youtube.com/watch?v=h0e2HAPTGF4},
	Url = {https://www.youtube.com/watch?v=h0e2HAPTGF4},
	Urldate = {{2019/08/17}},
	Year = {2016},
	Bdsk-Url-1 = {https://www.youtube.com/watch?v=h0e2HAPTGF4}}

@book{Lauritzen2013Convexity,
	Abstract = {Based on undergraduate teaching to students in computer science, economics and mathematics at Aarhus University, this is an elementary introduction to convex sets and convex functions with emphasis on concrete computations and examples.Starting from linear inequalities and Fourier-Motzkin elimination, the theory is developed by introducing polyhedra, the double description method and the simplex algorithm, closed convex subsets, convex functions of one and several variables ending with a chapter on convex optimization with the Karush-Kuhn-Tucker conditions, duality and an interior point algorithm. Study Guide here},
	Address = {{$[$}Hackensack{$]$} New Jersey{$]$}},
	Annote = {Accession Number: 575386; OCLC: 843871633; Language: English},
	Author = {Lauritzen, Niels},
	Date = {2013///},
	Date-Added = {2019-08-17 11:57:12 -0400},
	Date-Modified = {2019-08-25 12:57:55 -0400},
	Db = {nlebk},
	Dp = {EBSCOhost},
	Id = {Accession Number: 575386},
	Keywords = {Convex functions; Convex domains; MATHEMATICS / Applied; MATHEMATICS / Geometry / General; MATHEMATICS / Optimization},
	La = {English},
	M3 = {Book},
	Publisher = {World Scientific},
	Rating = {4},
	Read = {0},
	Title = {Undergraduate Convexity: From Fourier And Motzkin To Kuhn And Tucker},
	Ty = {BOOK},
	Url = {http://search.ebscohost.com/login.aspx?direct=true&db=nlebk&AN=575386&authtype=sso&custid=ns021105&lang=es&site=eds-live&custid=ns021105&authtype=ip,sso},
	Year = {2013},
	Year1 = {2013///},
	Bdsk-Url-1 = {http://search.ebscohost.com/login.aspx?direct=true&db=nlebk&AN=575386&authtype=sso&custid=ns021105&lang=es&site=eds-live&custid=ns021105&authtype=ip,sso}}

@online{Bio1,
	Date-Modified = {2019-08-25 14:40:17 -0400},
	Language = {spanish},
	Note = {Visitado el 01/04/2015},
	Title = {Biograf{\'\i}as y Vidas},
	Url = {http://www.biografiasyvidas.com},
	Bdsk-Url-1 = {http://www.biografiasyvidas.com}}

@book{lubliner2008plasticity,
	Author = {Lubliner, Jacob},
	Publisher = {Courier Corporation},
	Title = {Plasticity theory},
	Year = {2008}}

@book{ruiz2002mecanica,
	Author = {Ruiz, Miguel Cervera and D{\'\i}az, Elena Blanco},
	Date-Modified = {2019-08-25 15:32:05 -0400},
	Publisher = {Univ. Politec. de Catalunya},
	Title = {Mec{\'a}nica de estructuras II. M{\'e}todos de an{\'a}lisis},
	Volume = {2},
	Year = {2002}}

@book{kassimali2012matrix,
	Author = {Kassimali, Aslam},
	Publisher = {Cengage Learning},
	Title = {Matrix Analysis of Structures},
	Year = {2012}}

@book{popov1996introduccion,
	Author = {Popov, Egor P},
	Date-Modified = {2019-08-25 15:30:58 -0400},
	Publisher = {Limusa},
	Title = {Introducci{\'o}n a la Mec{\'a}nica de S{\'o}lidos},
	Year = {1996}}

@book{mase1970schaum,
	Author = {Mase, George E.},
	Publisher = {McGraw-Hill Education},
	Series = {Schaum's Outline Series},
	Title = {Schaum's Outline of Continuum Mechanics},
	Year = {1970}}

@book{truesdell2004non,
	Author = {Truesdell, Clifford and Noll, Walter},
	Publisher = {Springer},
	Title = {The non-linear field theories of mechanics},
	Year = {2004}}

@book{marsden1994mathematical,
	Author = {Marsden, Jerrold E and Hughes, Thomas JR},
	Publisher = {Courier Corporation},
	Title = {Mathematical foundations of elasticity},
	Year = {1994}}

@book{Santalo,
	Author = {Santal{\'o}, Luis A.},
	Date-Modified = {2019-08-25 15:33:30 -0400},
	Edition = {14th.},
	Language = {spanish},
	Publisher = {Editorial Universitaria de Buenos Aires},
	Series = {Manuales},
	Title = {Vectores y tensores con sus aplicaciones},
	Year = {1993}}

@book{chandrupatla1999introduccion,
	Author = {Chandrupatla, T.R. and Belegundu, A.D. and de la Cera Alonso, J.E.},
	Date-Modified = {2019-08-25 15:31:25 -0400},
	Edition = {2nd.},
	Language = {spanish},
	Publisher = {Pearson Educaci{\'o}n},
	Title = {Introducci{\'o}n al estudio del elemento finito en ingenier{\'\i}a},
	Year = {1999}}

@article{marczyk2000stochastic,
	Author = {Marczyk, Jacek},
	Booktitle = {Proceedings of 8th AIAA/USAF/NASA/ISSMO symposium on multidisciplinary analysis and optimization, Long Beach},
	Date-Modified = {2019-09-01 11:35:40 -0400},
	Title = {Stochastic multidisciplinary improvement: beyond optimization},
	Year = {2000}}

@thesis{soares1997,
	Author = {Soares, Rodrigo de Carbalho},
	Language = {portuguese},
	School = {Escola de Engenaria de S{\~a}o Carlos-Universidade de S{\~a}o Paulo},
	Title = {Otimiza{\c{c}}{\~a}o de se{\c{c}}{\~o}es transversais de concreto armado sujeitas a flex{\~a}o - Aplicac{\~a}o a pavimentos},
	Year = {1997}}

@thesis{thais2015,
	Author = {Gomes Pedrosa, Thais},
	Language = {portuguese},
	School = {Escola de Engenaria de S{\~a}o Carlos-Universidade de S{\~a}o Paulo},
	Title = {Otimiza{\c{c}}{\~a}o estrutural sob incertezas considerando consequencias de falha},
	Year = {2015}}

@thesis{nina2006,
	Author = {Nina, Thais Coimbra},
	Language = {portuguese},
	School = {Escola de Engenaria de S{\~a}o Carlos-Universidade de S{\~a}o Paulo},
	Title = {Otimiza{\c{c}}{\~a}o de se{\c{c}}{\~o}es transversais de concreto armado: aplica{\c{c}}{\~a}o a p{\'o}rticos planos},
	Year = {2006}}

@book{bathe1982finite,
	Author = {Bathe, Klaus-J{\"u}rgen},
	Publisher = {Klaus-Jurgen Bathe},
	Title = {Finite element procedures},
	Year = {1982}}

@book{hughes1987finite,
	Author = {Hughes, Thomas JR},
	Publisher = {Courier Corporation},
	Title = {The finite element method: linear static and dynamic finite element analysis},
	Year = {1987}}

@book{zienkiewicz1977finite,
	Author = {Zienkiewicz, Olgierd Cecil and Taylor, Robert Leroy and Zienkiewicz, Olgierd Cecil and Taylor, Robert Lee},
	Publisher = {McGraw-hill London},
	Title = {The finite element method},
	Volume = {3},
	Year = {1977}}

@book{besson2010non,
	Author = {Besson, Jacques and Cailletaud, Georges and Chaboche, Jean-Louis and Forest, Samuel},
	Publisher = {Springer Science \& Business Media},
	Title = {Non-linear mechanics of materials},
	Volume = {167},
	Year = {2010}}

@article{filippou_2013,
	Address = {Richmond. CA},
	Author = {Filippou, Filip},
	Booktitle = {OpenSees Days},
	Date-Modified = {2019-09-01 11:35:18 -0400},
	Title = {{Introduction to Nonlinear Analysis}},
	Year = {2013}}

@online{Nonli4:online,
	Author = {Bathe, Klaus-J{\"u}rgen},
	Date-Modified = {2019-09-20 18:28:25 -0400},
	Note = {(Visitado el 02/05/2015)},
	Title = {{Nonlinear Analysis | Finite Element Procedures for Solids and Structures | MIT OpenCourseWare}},
	Url = {http://ocw.mit.edu/},
	Urldate = {{2015/05/02}},
	Year = {1986},
	Bdsk-Url-1 = {http://ocw.mit.edu/}}

@book{przemieniecki1968theory,
	Author = {Przemieniecki, Janusz S},
	Publisher = {Courier Corporation},
	Title = {Theory of matrix structural analysis},
	Year = {1968}}

@article{cowper1966shear,
	Author = {Cowper, GR},
	Journal = {Journal of applied mechanics},
	Number = {2},
	Pages = {335--340},
	Publisher = {American Society of Mechanical Engineers},
	Title = {The shear coefficient in {Timoshenko's} beam theory},
	Volume = {33},
	Year = {1966}}

@book{abaqus611manual,
	Author = {DS Simulia},
	Date-Modified = {2019-09-01 11:36:06 -0400},
	Title = {{Abaqus 6.11 Analysis User's Manual}},
	Volume = {IV},
	Year = {2011}}

@article{kmiecik2011rc,
	Author = {Kmiecik, P. and Kaminski, M.},
	Journal = {Archives of civil and mechanical engineering},
	Number = {3},
	Pages = {623--636},
	Publisher = {Wroclaw University of Technology},
	School = {Wroclaw University of Technology, Poland},
	Title = {Modelling of reinforced concrete structures and composite structures with concrete strength degradation taken into consideration},
	Volume = {XI},
	Year = {2011}}

@report{y1993env,
	Author = {AENOR},
	Date-Modified = {2019-08-25 16:36:28 -0400},
	Editor = {Asociaci{\'o}n Espa{\~n}ola de Normalizaci{\'o}n},
	Keywords = {hormig{\'o}n},
	Language = {spanish},
	Publisher = {CEDEX, Centro de Estudios y Experimentaci{\'o}n de Obras P{\'u}blicas},
	Title = {UNE-ENV 1992-1-1: 1993: euroc{\'o}digo 2: proyecto de estructuras de hormig{\'o}n: parte 1-1: reglas generales y reglas para edificaci{\'o}n: incluye el erratum AC: 1992: versi{\'o}n oficial ENV 1992-1-1: 1991},
	Year = {1993}}

@article{wang2001nonlinear,
	Author = {Wang, Taijun and Hsu, Thomas TC},
	Journal = {Computers \& structures},
	Number = {32},
	Pages = {2781--2791},
	Publisher = {Elsevier},
	Title = {Nonlinear finite element analysis of concrete structures using new constitutive models},
	Volume = {79},
	Year = {2001}}

@article{attard1996finite,
	Author = {Attard, Mario M and Minh, NG and Foster, Stephen J},
	Journal = {Computers \& structures},
	Number = {6},
	Pages = {1037--1042},
	Publisher = {Elsevier},
	Title = {Finite element analysis of out-of-plane buckling of reinforced concrete walls},
	Volume = {61},
	Year = {1996}}

@thesis{nogueira2010desenvolvimento,
	Author = {Nogueira, Caio Gorla},
	Date-Modified = {2019-08-25 16:31:46 -0400},
	Journal = {353f. Tese (PhD Thesis)--School of Engineering of S{\~a}o Carlos, University of S{\~a}o Paulo, S{\~a}o Carlos},
	Language = {portuguese},
	Title = {Desenvolvimento de modelos mecanicos, de confiabilidade e de otimiza{\c{c}}{\~a}o para aplica{\c{c}}{\~a}o em estruturas de concreto armado},
	Year = {2010}}

@thesis{nogueira2005,
	Author = {Nogueira, Caio Gorla},
	Date-Modified = {2019-08-26 13:12:00 -0400},
	Journal = {(MSc Disserta{\c{c}}{\~a}o)--School of Engineering of S{\~a}o Carlos, University of S{\~a}o Paulo, S{\~a}o Carlos},
	Language = {portuguese},
	Title = {Un modelo de confiabilidade e de otimiza{\c{c}}{\~a}o aplicado as estruturas de barras de concreto armado},
	Year = {2005}}

@book{feynman1964probability,
	Author = {Feynman, Richard Phillips},
	Publisher = {Education Development Center},
	Title = {Probability \& Uncertainty: The Quantum Mechanical View of Nature},
	Year = {1964}}

@article{kwak2002nonlinear,
	Author = {Kwak, Hyo-Gyoung and Kim, Sun-Pil},
	Journal = {Computers \& structures},
	Number = {7},
	Pages = {615--628},
	Publisher = {Elsevier},
	Title = {Nonlinear analysis of RC beams based on moment--curvature relation},
	Volume = {80},
	Year = {2002}}

@report{EC2,
	Address = {Brussels},
	Author = {UNE-EN:1992},
	Date-Modified = {2019-09-01 11:37:25 -0400},
	Institution = {European Committee for Standarization},
	Key = {EC2:2004},
	Keywords = {hormig{\'o}n},
	Month = {4},
	Title = {{Eurocode 2: Design of concrete structures - Part 1-1: General rules and rules for buildings}},
	Type = {Standard},
	Year = {2004}}

@report{EN1990,
	Address = {Bruxelles},
	Author = {UNE-EN:1990},
	Date-Modified = {2019-08-31 21:41:23 -0400},
	Institution = {Comit{\'e} Europeo de Normalizaci{\'o}n},
	Key = {EN 1990:2002},
	Language = {spanish},
	Month = {4},
	Title = {{Euroc{\'o}digos. Bases de c{\'a}lculo de estructuras}},
	Type = {Standard},
	Year = {2002}}

@book{jimenezmontoya,
	Author = {Jim{\'e}nez Montoya, Pedro and Meseguer Garc{\'\i}a, {\'A}lvaro and Cabr{\'e} Mor{\'a}n, Francisco and Arroyo Portero, Juan Carlos},
	Date-Modified = {2019-09-08 18:02:52 -0400},
	Edition = {15ta.},
	Language = {spanish},
	Publisher = {Gustavo Gili},
	Title = {Hormig{\'o}n armado},
	Year = {2009}}

@article{fortaleza,
	Author = {Santos, Ana and Leite, Alex and De Ara{\'u}jo, Alessandro and Vieira, Mylene and Mont' Alverne, Alexandre and Bezerra, Leonardo and Cabral, Antonio and Montenegro, Luiz},
	Booktitle = {XXXVI Jornadas Sudamericanas de Ingenier{\'\i}a Estructural, Montevideo},
	Date-Modified = {2019-09-01 11:35:29 -0400},
	Language = {portuguese},
	Title = {An{\'a}lise n{\~a}o linear de vigas de concreto armado considerando a fissura{\c{c}}{\~a}o},
	Year = {2014}}

@book{branson1963instantaneous,
	Author = {Branson, Dan Earle and Metz, Gene Alan},
	Date-Modified = {2019-09-08 17:56:10 -0400},
	Publisher = {Department of Civil Engineering and Auburn Research Foundation},
	Title = {Instantaneous and time-dependent deflections of simple and continuous reinforced concrete beams},
	Year = {1963}}

@book{geron2017hands,
	Author = {G{\'e}ron, Aur{\'e}lien},
	Publisher = {O'Reilly Media, Inc.},
	Title = {Hands-on machine learning with Scikit-Learn and TensorFlow: concepts, tools, and techniques to build intelligent systems},
	Year = {2017}}

@article{samuel3july,
	Author = {Samuel, Arthur},
	Journal = {IBM Journal of Research and Development},
	Number = {3},
	Pages = {210--29},
	Title = {Some Studies in Machine Learning Using the Game of Checkers.},
	Volume = {3},
	Year = {1959}}

@article{mitchell1997machine,
	Author = {Mitchell, Tom M and others},
	Date-Modified = {2019-08-25 15:26:47 -0400},
	Journal = {Burr Ridge, IL: McGraw Hill},
	Number = {37},
	Pages = {870--877},
	Title = {Machine learning},
	Volume = {45},
	Year = {1997}}

@article{aggarwal2007modeling,
	Author = {Aggarwal, Yogesh},
	Journal = {World Academy of Science, Engineering and Technology},
	Pages = {130--131},
	Publisher = {Citeseer},
	Title = {Modeling of reinforcement in concrete beams using machine learning tools},
	Volume = {32},
	Year = {2007}}

@article{preetham2015prediction,
	Author = {Preetham S, Ravi Kumar H, Prema Kumar W P and Shivaraj M},
	Journal = {International Journal of Engineering Research \& Technology},
	Pages = {883--886},
	Publisher = {IJERT},
	Title = {Prediction of deflection of reinforced concrete beams using machine learning tools},
	Volume = {04},
	Year = {2015}}

@article{12703303720171101,
	Abstract = {There have been many extensive studies on the prediction of the residual strength of corroded reinforced concrete beams from experimental and theoretical perspectives in the past. This article corroborated the findings of Azad et al. (2010) pertaining to the residual strength and safety of the corroded beams and an insight to develop an improved regression model to obtain more practical outcomes. The proposed model has further been verified with the past research data to obtain a validation error to its minimum count. The study is also followed by the use of soft computing technique like Artificial Neural Networks (ANN) to establish a method with substantial improvement in the prediction results of residual strength. One ANN model is proposed to predict the residual capacity of corroded reinforced concrete beams using the same data from Azad et al. (2010). The effects of fixed data stratification on the performance of the models have been studied. The results of the ANN model were fou},
	Author = {Imam, Ashhad and Kazmi, Zaman Abbas},
	Issn = {23720484},
	Journal = {AIMS Materials Science},
	Keywords = {REINFORCED concrete, CONCRETE corrosion, LOADS (Mechanics), artificial neural networks (ANN), corrosion, flexural residual strength, load carrying capacity, reinforced concrete beam},
	Number = {5},
	Pages = {1140},
	Title = {Modified regression and ANN model for load carrying capacity of corroded reinforced concrete beam.},
	Url = {http://search.ebscohost.com/login.aspx?direct=true&db=edb&AN=127033037&authtype=sso&custid=ns021105&lang=es&site=eds-live&custid=ns021105&authtype=ip,sso},
	Volume = {4},
	Year = {2017},
	Bdsk-Url-1 = {http://search.ebscohost.com/login.aspx?direct=true&db=edb&AN=127033037&authtype=sso&custid=ns021105&lang=es&site=eds-live&custid=ns021105&authtype=ip,sso}}

@article{12016374820161101,
	Abstract = {Costly and time-consuming destructive methods of sampling, curing, and testing under hydraulic jacks are often used to determine concrete properties. Computational intelligence techniques provide the ability to estimate concrete properties quickly at almost no cost. This paper presents a state-of-the-art review of statistical, pattern recognition/machine learning, evolutionary algorithms, and hybrid approaches for estimation of concrete properties such as strength, adhesion, flow, slump, and serviceability using previously collected data. Advantages and disadvantages of the methods are delineated. [ABSTRACT FROM AUTHOR]},
	Author = {Rafiei, Mohammad H. and Khushefati, Waleed H. and Demirboga, Ramazan and Adeli, Hojjat},
	Issn = {0889325X},
	Journal = {ACI Materials Journal},
	Keywords = {CONCRETE analysis, ARTIFICIAL neural networks, MACHINE learning, EVOLUTIONARY algorithms, COMPUTATIONAL intelligence, MECHANICAL behavior of materials, backpropagation neural networks, concrete properties, fuzzy logic, genetic algorithm, regression, self-organization feature map, support vector machine},
	Number = {6},
	Pages = {781},
	Title = {Neural Network, Machine Learning, and Evolutionary Approaches for Concrete Material Characterization.},
	Url = {http://search.ebscohost.com/login.aspx?direct=true&db=edb&AN=120163748&authtype=sso&custid=ns021105&lang=es&site=eds-live&custid=ns021105&authtype=ip,sso},
	Volume = {113},
	Year = {2016},
	Bdsk-Url-1 = {http://search.ebscohost.com/login.aspx?direct=true&db=edb&AN=120163748&authtype=sso&custid=ns021105&lang=es&site=eds-live&custid=ns021105&authtype=ip,sso}}

@book{strang2006linear,
	Author = {Strang, Gilbert},
	Journal = {Thomson Learning},
	Publisher = {Thomson Corporation},
	Title = {Linear Algebra and Its Application},
	Year = {2006}}

@online{projects_2019,
	Author = {projects, Contributors to Wikimedia},
	Date-Modified = {2019-09-20 18:29:55 -0400},
	Journal = {Wikimedia Commons},
	Month = {Mar},
	Publisher = {Wikimedia Foundation, Inc.},
	Title = {main page of a Wikimedia project (common for Wikipedia, Wiktionary and other projects)},
	Url = {https://commons.wikimedia.org/wiki},
	Urldate = {2019-08-25},
	Year = {2019},
	Bdsk-Url-1 = {https://commons.wikimedia.org/wiki}}

@book{kletenikproblemas,
	Author = {Kletenik, D},
	Date-Modified = {2019-08-25 17:12:35 -0400},
	Language = {spanish},
	Publisher = {MIR},
	Title = {Problemas de geometr{\'\i}a anal{\'\i}tica},
	Year = {1979}}

@article{hastie2005elements,
	Author = {Hastie, Trevor and Tibshirani, Robert and Friedman, Jerome and Franklin, James},
	Journal = {The Mathematical Intelligencer},
	Number = {2},
	Pages = {83--85},
	Publisher = {Springer},
	Title = {The elements of statistical learning: data mining, inference and prediction},
	Volume = {27},
	Year = {2005}}

@article{guicciardini2003reading,
  title={Reading the Principia},
  author={Guicciardini, Niccol{\`o}},
  journal={Reading the Principia},
  year={2003}
}

@misc{newton1987,
   author = {Isaac Newton},
   note = {University of Cambridge - Digital Library},
   title = {Newton Papers : Philosophi√¶ naturalis principia mathematica},
   url = {https://cudl.lib.cam.ac.uk/view/PR-ADV-B-00039-00001/9},
   year = {1687},
}

@misc{GoodVibrations01,
   author = {Andrew Friedman},
   month = {10},
   title = {Introduction to Variational Calculus - Deriving the Euler-Lagrange Equation - YouTube},
   url = {https://www.youtube.com/watch?v=VCHFCXgYdvY&t=1054s},
   year = {2020},
}


